@article{russo2015semeval,
  title={SemEval-2015 task 9: CLIPEval implicit polarity of events},
  author={Russo, Irene and Caselli, Tommaso and Strapparava, Carlo},
  journal={SemEval-2015},
  pages={443},
  year={2015}
}

@inproceedings{riloff2013sarcasm,
  title={Sarcasm as Contrast between a Positive Sentiment and Negative Situation.},
  author={Riloff, Ellen and Qadir, Ashequl and Surve, Prafulla and De Silva, Lalindra and Gilbert, Nathan and Huang, Ruihong},
  booktitle={EMNLP},
  pages={704--714},
  year={2013}
}

@article{gibbs2000irony,
  title={Irony in talk among friends},
  author={Gibbs, Raymond W},
  journal={Metaphor and symbol},
  volume={15},
  number={1-2},
  pages={5--27},
  year={2000},
  publisher={Taylor \& Francis}
}

@inproceedings{goyal2010automatically,
  title={Automatically producing plot unit representations for narrative text},
  author={Goyal, Amit and Riloff, Ellen and Daum{\'e} III, Hal},
  booktitle={Proceedings of the 2010 Conference on Empirical Methods in Natural Language Processing},
  pages={77--86},
  year={2010},
  organization={Association for Computational Linguistics}
}

@article{macphillamy1982pleasant,
  title={The pleasant events schedule: Studies on reliability, validity, and scale intercorrelation.},
  author={MacPhillamy, Douglas J and Lewinsohn, Peter M},
  journal={Journal of Consulting and Clinical Psychology},
  volume={50},
  number={3},
  pages={363},
  year={1982},
  publisher={American Psychological Association}
}

@article{lewinsohn1985unpleasant,
  title={The Unpleasant Events Schedule: A scale for the measurement of aversive events},
  author={Lewinsohn, Peter M and Mermelstein, Robin M and Alexander, Carolyn and MacPhillamy, Douglas J},
  journal={Journal of Clinical Psychology},
  volume={41},
  number={4},
  pages={483--498},
  year={1985},
  publisher={Wiley Online Library}
}

@inproceedings{bamman2015contextualized,
  title={Contextualized sarcasm detection on Twitter},
  author={Bamman, David and Smith, Noah A},
  booktitle={Proceedings of the 9th International Conference on Web and Social Media},
  pages={574--77},
  year={2015},
  organization={AAAI Menlo Park, CA}
}

@inproceedings{rajadesingan2015sarcasm,
  title={Sarcasm detection on twitter: A behavioral modeling approach},
  author={Rajadesingan, Ashwin and Zafarani, Reza and Liu, Huan},
  booktitle={Proceedings of the Eighth ACM International Conference on Web Search and Data Mining},
  pages={97--106},
  year={2015},
  organization={ACM}
}

@inproceedings{davidov2010semi,
  title={Semi-supervised recognition of sarcastic sentences in twitter and amazon},
  author={Davidov, Dmitry and Tsur, Oren and Rappoport, Ari},
  booktitle={Proceedings of the Fourteenth Conference on Computational Natural Language Learning},
  pages={107--116},
  year={2010},
  organization={Association for Computational Linguistics}
}

@article{burgers2012verbal,
  title={Verbal Irony Differences in Usage Across Written Genres},
  author={Burgers, Christian and Van Mulken, Margot and Schellens, Peter Jan},
  journal={Journal of Language and Social Psychology},
  volume={31},
  number={3},
  pages={290--310},
  year={2012},
  publisher={SAGE Publications}
}

@article{roberts1994people,
  title={Why do people use figurative language?},
  author={Roberts, Richard M and Kreuz, Roger J},
  journal={Psychological Science},
  volume={5},
  number={3},
  pages={159--163},
  year={1994},
  publisher={SAGE Publications}
}

@inproceedings{deng2015joint,
  title={Joint Prediction for Entity/Event-Level Sentiment Analysis using Probabilistic Soft Logic Models},
  author={Deng, Lingjia and Wiebe, Janyce},
  booktitle={Proceedings of the 2014 Conference on Empirical Methods in Natural Language Processing (EMNLP)},
  year={2015}
}

@inproceedings{ghosh2015semeval,
  title={Semeval-2015 task 11: Sentiment analysis of figurative language in twitter},
  author={Ghosh, Aniruddha and Li, Guofu and Veale, Tony and Rosso, Paolo and Shutova, Ekaterina and Barnden, John and Reyes, Antonio},
  booktitle={Proceedings of the 9th International Workshop on Semantic Evaluation (SemEval 2015)},
  pages={470--478},
  year={2015}
}

@article{scikit-learn,
 title={Scikit-learn: Machine Learning in {P}ython},
 author={Pedregosa, F. and Varoquaux, G. and Gramfort, A. and Michel, V. and Thirion, B. and Grisel, O. and Blondel, M. and Prettenhofer, P. and Weiss, R. and Dubourg, V. and Vanderplas, J. and Passos, A. and Cournapeau, D. and Brucher, M. and Perrot, M. and Duchesnay, E.},
 journal={Journal of Machine Learning Research},
 volume={12},
 pages={2825--2830},
 year={2011}
}

@inproceedings{tungthamthiti2015sentiment,
  title={Sentiment Analyzer with Rich Features for Ironic and Sarcastic Tweets},
  author={Tungthamthiti, Piyoros and Santus, Enrico and Xu, Hongzhi and Huang, Chu-Ren and Shirai, Kiyoaki},
  booktitle={Proceedings of the 29th Pacific Asia Conference on Language, Information and Computation},
  year={2015}
}

@inproceedings{xu2015llt,
  title={LLT-PolyU: Identifying Sentiment Intensity in Ironic Tweets},
  author={Xu, Hongzhi and Santus, Enrico and Laszlo, Anna and Huang, Chu-Ren},
  year={2015}
}

@article{feldman2013techniques,
  title={Techniques and applications for sentiment analysis},
  author={Feldman, Ronen},
  journal={Communications of the ACM},
  volume={56},
  number={4},
  pages={82--89},
  year={2013},
  publisher={ACM}
}

@inproceedings{gonzalez2011identifying,
  title={Identifying sarcasm in Twitter: a closer look},
  author={Gonz{\'a}lez-Ib{\'a}nez, Roberto and Muresan, Smaranda and Wacholder, Nina},
  booktitle={Proceedings of the 49th Annual Meeting of the Association for Computational Linguistics: Human Language Technologies: short papers-Volume 2},
  pages={581--586},
  year={2011},
  organization={Association for Computational Linguistics}
}
